@misc{gplv3,
  author       = {Free Software Foundation},
  title        = {{GNU} {G}eneral {P}ublic {L}icense},
  version      = {3},
  howpublished = {\url{http://www.gnu.org/licenses/gpl.html}},
  shorthand    = {GPL}
}

@misc{cleanArquitecture2017,
  author    = {Robert Cecil Martin},
  title     = {Clean Architecture: A Craftsman's Guide to Software Structure and Design: A Craftsman's Guide to Software Structure and Design},
  booktitle = {Genetic algorithms in search, optimization, and machine learning},
  year      = 2017,
  publisher = {ADDISON-WESLEY},
  isbn      = {0134494164}
}

@misc{cleanCode2008,
  author    = {Robert Cecil Martin},
  title     = {Clean Code: A Handbook of Agile Software Craftsmanship},
  booktitle = {Clean Code: A Handbook of Agile Software Craftsmanship},
  year      = 2008,
  publisher = {ADDISON-WESLEY},
  isbn      = {9780132350884}
}

@misc{SaS,
  author       = {Wikipedia},
  title        = {Software as a service},
  howpublished = {\url{https://en.wikipedia.org/wiki/Software_as_a_service}}
}

@misc{goldberg89,
  author    = {David E. Goldberg},
  title     = {Genetic algorithms in search, optimization, and machine learning},
  booktitle = {Genetic algorithms in search, optimization, and machine learning},
  year      = 1989,
  publisher = {ADDISON-WESLEY},
  isbn      = {9780201157673}
}

@misc{apache,
  author       = {Apache Software Foundation},
  title        = {Apache Software Foundation},
  howpublished = {\url{http://www.apache.org/}}
}

@misc{nodejs-trend,
  author       = {w3tech},
  title        = {Usage statistics and market share of Node.js for websites},
  howpublished = {\url{https://w3techs.com/technologies/details/ws-nodejs/all/all}}
}

@misc{acid,
  author       = {Graham Chen},
  title        = {Distributed transaction processing standars and their applications},
  url          = {https://pdfs.semanticscholar.org/cf9d/45b49b276615e6c5d94a8ffaf163933c49a6.pdf}
}

@misc{merelo_molina_2021, 
  title={Un Mundo feliz}, 
  howpublished = {\url{https://figshare.com/articles/preprint/Un_Mundo_feliz_pdf/16414035/1}}, 
  DOI={10.6084/m9.figshare.16414035.v1}, 
  abstractNote={Trabajo para la asignatura de Metaheurísticas de la UGR, 2019-2020}, 
  publisher={figshare}, 
  author={Merelo Molina, Cecilia}, 
  year={2021}, 
  month={Aug} 
} 

@article{diversity,
  author = {Burke and Edmund and Gustafson and Steven and Kendall and Graham},
  year = {2004},
  month = {03},
  pages = {47 - 62},
  title = {Diversity in Genetic Programming: An Analysis of Measures and Correlation With Fitness},
  volume = {8},
  journal = {Evolutionary Computation, IEEE Transactions on},
  doi = {10.1109/TEVC.2003.819263}
}

@misc{genetic,
  author = {J. R. McDon- nell},
  year = {1995},
  pages = {719-736},
  title = {Genetic programming exploratory power and the discovery of functions}
}

@article{Rosca,
  author = {J. P. Rosca},
  year = {1995},
  month = {07},
  pages = {23-32},
  title = {Entropy-driven adaptive representation},
  journal = {Proc. Work- shop Genetic Programming: From Theory to Real-World Applications}
}

@misc{BBOB,
  author = {Steffen Finck and Nikolaus Hansen† and Raymond Ros‡ and Anne Auger§},
  year = {2014},
  month = {12},
  title = {Real-Parameter Black-Box Optimization Benchmarking 2010: Presentation of the Noiseless Functions},
}

@misc{metaheuristics,
  author = {Swan and Jerry and Adraensen and Steven and Brownlee and Alexander and Johnson and Colin and Kheiri and Ahmed and Krawiec and Faustyna and Merelo Guervós and Juan and Minku and Leandro and Özcan and Ender and Pappa and Gisele and García-Sánchez and Pablo and Sörensen and Kenneth and Voss and Stefan and Wagner and Markus and White and David},
  year = {2020},
  month = {11},
  title = {Towards Metaheuristics ``In the Large``}
}

@misc{julia,
  author       = {Jeff Bezanson and Stefan Karpinski and Viral B. Shah and y otros contribuidores},
  title        = {Julia Programming Language},
  howpublished = {\url{https://julialang.org/}}
}

@misc{json,
  author       = {w3schools},
  title        = {JavaScript Object Notation},
  howpublished = {\url{https://www.w3schools.com/js/js_json_intro.asp}}
}

@misc{agpl,
  author       = {Free Software Foundation},
  title        = {GNU Affero General Public License},
  howpublished = {\url{https://www.gnu.org/licenses/agpl-3.0.html}}
}

@misc{languages,
  author       = {SRISHTI DEORAS},
  title        = {5 Languages To Use For Genetic Programming},
  howpublished = {\url{https://analyticsindiamag.com/5-languages-to-use-for-genetic-programming/}}
}

@article{Molina2020ComprehensiveTO,
  title={Comprehensive Taxonomies of Nature- and Bio-inspired Optimization: Inspiration Versus Algorithmic Behavior, Critical Analysis Recommendations},
  author={D. Molina and Javier Poyatos and J. Ser and S. Garc{\'i}a and A. Hussain and Francisco Herrera},
  journal={Cognitive Computation},
  year={2020},
  pages={1-43}
}

@inbook{software-engineering,
  author    = {Ian Sommervile},
  title     = {Software Engineering},
  booktitle = {Software Engineering},
  year      = 2016,
  publisher = {Springer International Publishing},
  isbn      = {0-321-31379-8}
}

@misc{scrum,
  author       = {Scrum Manager},
  title        = {Troncal I. Scrum Master},
  howpublished = {\url{http://scrummanager.net/files/scrum_manager.pdf}}
}

@misc{image-unit-test,
  author       = {Martin Fowler},
  title        = {Unit test},
  howpublished = {\url{https://martinfowler.com/bliki/UnitTest.html}}
}

@misc{image-ansible,
  author       = {RoyalCyber},
  title        = {Automation with Ansible},
  howpublished = {\url{http://blog.royalcyber.com/devops/new-level-of-automation-with-ansible/}}
}

@article{metaphor_exposed,
  author = {Sörensen and Kenneth},
  title = {Metaheuristics—the metaphor exposed},
  journal = {International Transactions in Operational Research},
  volume = {22},
  number = {1},
  pages = {3-18},
  keywords = {optimization, combinatorial optimization, metaheuristics, heuristics},
  doi = {https://doi.org/10.1111/itor.12001},
  url = {https://onlinelibrary.wiley.com/doi/abs/10.1111/itor.12001},
  eprint = {https://onlinelibrary.wiley.com/doi/pdf/10.1111/itor.12001},
  year = {2015}
}

@article{mitigating_metaphors,
  author = {Lones and Michael},
  year = {2019},
  month = {11},
  pages = {},
  title = {Mitigating Metaphors: A Comprehensible Guide to Recent Nature-Inspired Algorithms},
  volume = {1},
  journal = {SN Computer Science},
  doi = {10.1007/s42979-019-0050-8}
}

@article{comparative_study,
  author = {Gmys and Jan and Pessoa and Tiago and Melab and Nouredine and Talbi and El-Ghazali and Tuyttens and Daniel},
  year = {2020},
  month = {06},
  pages = {100720},
  title = {A comparative study of high-productivity high-performance programming languages for parallel metaheuristics},
  volume = {57},
  journal = {Swarm and Evolutionary Computation},
  doi = {10.1016/j.swevo.2020.100720}
}

@misc{fast_lunch,
  author = {Merelo Guervós and Juan and García-Sánchez and Pablo and Garcia-Valdez and Mario and Blancas and Israel},
  year = {2015},
  month = {11},
  title = {There is no fast lunch: an examination of the running speed of evolutionary algorithms in several languages}
}
